
@misc{noauthor_notitle_nodate,
	url = {http://darwin-online.org.uk/content/frameset?pageseq=1&itemID=F1142&viewtype=text},
	urldate = {2023-04-24},
}
